%bibtex entries 

@Misc{kn:Int13,
 author       = "{ITU} --- {International Telecommunication Union}",
 title        = "{Statistics 2005-2013}",
 month        = "December",
 year         = 2013,
 howpublished = "\url{http://www.itu.int/en/ITU-D/Statistics/Documents/statistics/2013/ITU_Key_2005-2013_ICT_data.xls}"
}

@Misc{kn:LH07,
 author       = "Jure Leskovec and Eric Horvitz",
 title        = "Planetary-Scale Views on an Instant-Messaging Network",
 howpublished = "Microsoft Research, Available at \url{http://research.microsoft.com/en-us/um/people/horvitz/Leskovec_Horvitz_worldwide_buzz.pdf}",
 month        = June,
 year         = 2007
}

@Misc{kn:CSV11,
 author       = "Ana Paula Chaves and Igor Steinmacher and Vaninha Vieira",
 title        = "Social networks and collective intelligence applied to
public transportation systems: A survey",
 howpublished = "VIII Simpósio Brasileiro de Sistemas Colaborativos (SBSC 2011), Available at \url{http://projeto.unisinos.br/simtur/papers/Chaves%20et%20al.pdf}",
 month        = October,
 year         = 2011
}

@Techreport{kn:NAT11,
 author      = "United Nations",
 title       = "Department of Economic and Population Division Social Affairs. World urbanization prospects. the 2011 revision.",
 institution = "United Nations",
 month       = "December",
 year        = 2011
}

@Article{kn:NGeCP11,
 author       = "Antonio A. Nunes and Teresa Galvao and João Falcão e Cunha and Jeremy V. Pitt",
 title        = "Using social networks for exchanging valuable real time public transport information among travellers.",
 organization = "IEEE",
 journal      = "2011 IEEE Conference on Commerce and Enterprise Computing", 
 year         = 2011
}

@Misc{kn:eSG12,
 author    = "Tiago Miguel e Sousa Gonçalves",
 title     = "A smartphone application prototype for exchanging valuable real time public transport information among travellers",
 school    = "Faculdade de Engenharia da Universidade do Porto",
 year      = 2012
}

@Article{kn:BC07,
 author       = "Gabriela Beirão and J.A. Sarsfield Cabral",
 title        = "Understanding attitudes towards public transport and private car: A qualitative study",
 journal      = "Transport Policy", 
 pages        = "14(6):478 – 489",
 year         = 2007
}

@Book{kn:Le98,
 author    = "Pierre Lévy",
 title     = "A inteligência coletiva: por uma antropologia do ciberespaço",
 publisher = "Edições Loyola",
 year      = 1998
}

@Misc{kn:Are13,
 author       = "GSM Arena",
 title        = "Google Play is now the largest app store with over 1 million apps",
 howpublished = " Available at \url{http://blog.gsmarena.com/google-play-is-now-the-largest-app-store-with-1-million-apps/}",
 month        = July,
 year         = 2013
}

@Book{kn:Ku05,
 author    = "Axel Küpper",
 title     = "Location-Based Services",
 publisher = "John Wiley \& Sons, Ltd",
 month     = August,
 year      = 2005,
}

@Book{kn:SV04,
 author    = "Jochen Schiller and Agnès Voisard",
 title     = "Location-Based Services",
 publisher = "Morgan Kaufmann Publishers, San Francisco, CA, USA",
 year      = 2004,
}

@Article{kn:SR95,
 author       = "Marko Silventoinen and Timo Rantalainen",
 title        = "Mobile station locating in GSM",
 organization = "IEEE",
 journal      = "IEEE Wireless Communication System Symposium", 
 pages        = "53–59",
 year         = 1995
}

@Article{kn:BWD11,
 author       = "Richard Barnes, James Winterbottom, and Martin Dawson",
 title        = "Internet geolocation and location-based services",
 journal      = "IEEE Communications Magazine", 
 pages        = "49(4):102–108",
 month        = "April",
 year         = 2011
}

@Book{kn:Mit69,
 author    = "J.C. Mitchell",
 title     = "Social networks in urban situations: analyses of personal relationships in Central African towns.",
 publisher = "Manchester University Press",
 year      = 1969,
}

@Article{kn:BE08,
 author       = "Danah M Boyd and Nicole B. Ellison",
 title        = "Social network sites: Definition, history, and scholarship",
 journal      = "Journal of Computer-Mediated Communication", 
 pages        = "13(1):210–230",
 year         = 2008
}

@Article{kn:Joi08,
 author       = "Adam N. Joinson",
 title        = "Looking at, looking up or keeping up with people?: motives and use of facebook",
 organization = "ACM",
 journal      = "Proceedings of the twenty-sixth annual SIGCHI conference on Human factors in computing systems", 
 pages        = "1027–1036",
 year         = 2008
}

@Misc{kn:Del11,
 author       = "Colin Delany",
 title        = "How social media accelerated tunisia’s revolution: An inside view",
 howpublished = "Available at \url{http://www.epolitics.com/2011/02/10/how-social-media-accelerated-tunisias-revolution-an-inside-view/}",
 month        = "February",
 year         = 2011
}

@Misc{kn:Sut11,
 author       = "John D. Sutter",
 title        = "The faces of egypt's revolution 2.0",
 howpublished = "Available at \url{http://edition.cnn.com/2011/TECH/innovation/02/21/egypt.internet.revolution/index.html}",
 month        = "February",
 year         = 2011
}

@Article{kn:OPG+14,
 author       = "Derek O'Callaghan and Nico Prucha and Derek Greene and Maura Conway and Joe Carthy and Padraig Cunningham",
 title        = "Online Social Media in the Syria Conflict: Encompassing the Extremes and the In-Betweens",
 year         = 2014
}

@Misc{kn:Sop14,
 author       = "Taylor Sopper",
 title        = "Olympic athletes in Sochi banned from posting video, audio to social media",
 howpublished = "Available at \url{http://www.geekwire.com/2014/free-speech-issue-athletes-sochi-arent-allowed-post-pictures-videos-social-media/}",
 month        = "February",
 year         = 2014
}

@Misc{kn:Pos13,
 author       = "Washington Post",
 title        = "Twitter makes market debut, stock surges 73 percent at open",
 howpublished = "Available at \url{http://www.washingtonpost.com/business/technology/twitter-makes-market-debut-stock-surges-73-percent-at-open/2013/11/07/9345ee4a-47c6-11e3-bf0c-cebf37c6f484_gallery.html#photo=1}",
 month        = "November",
 year         = 2013
}

@Misc{kn:Sch10,
 author       = "J. Schell",
 title        = "Design outside the box",
 howpublished = "DICE Summit",
 year         = 2010
}

@Article{kn:Xu12,
 author       = "Yongwen Xu",
 title        = "Literature Review on Web Application Gamification and Analytics",
 organization = "University of Hawai'i",
 month        = "April",
 year         = 2012
}

@Misc{kn:Coh10,
 author       = "Arianne Cohen",
 title        = "The connected traveler",
 howpublished = "Available at \url{http://www.budgettravel.com/bt-dyn/content/article/2009/11/01/AR2009110102119.html?page=1}",
 month        = "January",
 year         = 2010
}

@Misc{kn:Pes10,
 author       = "Robert Pessagno",
 title        = "Design and Usability of Social Networking Web Sites",
 howpublished = "Available at \url{http://digitalcommons.calpoly.edu/cgi/viewcontent.cgi?article=1035&context=grcsp}",
 year         = 2010
}

@Misc{kn:Tra11,
 author       = "David Travis",
 title        = "ISO 13407 is dead. Long live ISO 9241-210!",
 howpublished = "Available at \url{http://www.userfocus.co.uk/articles/iso-13407-is-dead.html}",
 year         = 2011
}





